@article{aswolinskiy2015stdpreward,
  title={RM-SORN: a reward-modulated self-organizing recurrent neural network},
  author={Aswolinskiy, Witali and Pipa, Gordon},
  journal={Frontiers in computational neuroscience},
  volume={9},
  pages={36},
  year={2015},
  publisher={Frontiers}
}

@article{banino2018grid,
  title={Vector-based navigation using grid-like representations in artificial agents},
  author={Banino, Andrea and Barry, Caswell and Uria, Benigno and Blundell, Charles and Lillicrap, Timothy and Mirowski, Piotr and Pritzel, Alexander and Chadwick, Martin J and Degris, Thomas and Modayil, Joseph and others},
  journal={Nature},
  volume={557},
  number={7705},
  pages={429},
  year={2018},
  publisher={Nature Publishing Group}
}

@article{bollmann2009,
  title={Subcellular topography of visually driven dendritic activity in the vertebrate visual system},
  author={Bollmann, Johann H and Engert, Florian},
  journal={Neuron},
  volume={61},
  number={6},
  pages={895--905},
  year={2009},
  publisher={Elsevier}
}

@article{ciarleglio2015,
  title={Multivariate analysis of electrophysiological diversity of Xenopus visual neurons during development and plasticity},
  author={Ciarleglio, Christopher M and Khakhalin, Arseny S and Wang, Angelia F and Constantino, Alexander C and Yip, Sarah P and Aizenman, Carlos D},
  journal={Elife},
  volume={4},
  year={2015},
  publisher={eLife Sciences Publications, Ltd}
}

@article{cline2008,
  title={The regulation of dendritic arbor development and plasticity by glutamatergic synaptic input: a review of the synaptotrophic hypothesis},
  author={Cline, Hollis and Haas, Kurt},
  journal={The Journal of physiology},
  volume={586},
  number={6},
  pages={1509--1517},
  year={2008},
  publisher={Wiley Online Library}
}

@article{munch2009,
  title={Approach sensitivity in the retina processed by a multifunctional neural circuit},
  author={M{\"u}nch, Thomas A and Da Silveira, Rava Azeredo and Siegert, Sandra and Viney, Tim James and Awatramani, Gautam B and Roska, Botond},
  journal={Nature neuroscience},
  volume={12},
  number={10},
  pages={1308},
  year={2009},
  publisher={Nature Publishing Group}
}

@article{felch2016,
  title={Multisensory integration in the developing tectum is constrained by the balance of excitation and inhibition},
  author={Felch, Daniel L and Khakhalin, Arseny S and Aizenman, Carlos D},
  journal={Elife},
  volume={5},
  year={2016},
  publisher={eLife Sciences Publications, Ltd}
}

@article{fiete2010chains,
  title={Spike-time-dependent plasticity and heterosynaptic competition organize networks to produce long scale-free sequences of neural activity},
  author={Fiete, Ila R and Senn, Walter and Wang, Claude ZH and Hahnloser, Richard HR},
  journal={Neuron},
  volume={65},
  number={4},
  pages={563--576},
  year={2010},
  publisher={Elsevier}
}

@article{jang2016,
  title={Emergence of Selectivity to Looming Stimuli in a Spiking Network Model of the Optic Tectum},
  author={Jang, Eric V and Ramirez-Vizcarrondo, Carolina and Aizenman, Carlos D and Khakhalin, Arseny S},
  journal={Frontiers in neural circuits},
  volume={10},
  pages={95},
  year={2016},
  publisher={Frontiers}
}

@article{khakhalin2014,
  title={Excitation and inhibition in recurrent networks mediate collision avoidance in Xenopus tadpoles},
  author={Khakhalin, Arseny S and Koren, David and Gu, Jenny and Xu, Heng and Aizenman, Carlos D},
  journal={European Journal of Neuroscience},
  volume={40},
  number={6},
  pages={2948--2962},
  year={2014},
  publisher={Wiley Online Library}
}

@article{litwin2014assemblies,
  title={Formation and maintenance of neuronal assemblies through synaptic plasticity},
  author={Litwin-Kumar, Ashok and Doiron, Brent},
  journal={Nature communications},
  volume={5},
  pages={5319},
  year={2014},
  publisher={Nature Publishing Group}
}

@article{papo2016beware,
  title={Beware of the small-world neuroscientist!},
  author={Papo, David and Zanin, Massimiliano and Mart{\'\i}nez, Johann H and Buld{\'u}, Javier M},
  journal={Frontiers in human neuroscience},
  volume={10},
  pages={96},
  year={2016},
  publisher={Frontiers}
}

@article{pereira2016,
  title={Is there anybody out there? Neural circuits of threat detection in vertebrates},
  author={Pereira, Ana G and Moita, Marta A},
  journal={Current opinion in neurobiology},
  volume={41},
  pages={179--187},
  year={2016},
  publisher={Elsevier}
}

@article{reimann2017,
  title={Cliques of neurons bound into cavities provide a missing link between structure and function},
  author={Reimann, Michael W and Nolte, Max and Scolamiero, Martina and Turner, Katharine and Perin, Rodrigo and Chindemi, Giuseppe and D{\l}otko, Pawe{\l} and Levi, Ran and Hess, Kathryn and Markram, Henry},
  journal={Frontiers in computational neuroscience},
  volume={11},
  pages={48},
  year={2017},
  publisher={Frontiers}
}

@article{sporns2005,
  title={The human connectome: a structural description of the human brain},
  author={Sporns, Olaf and Tononi, Giulio and K{\"o}tter, Rolf},
  journal={PLoS computational biology},
  volume={1},
  number={4},
  pages={e42},
  year={2005},
  publisher={Public Library of Science}
}

@article{thompson2016ensembles,
  title={Functional profiles of visual-, auditory-, and water flow-responsive neurons in the zebrafish tectum},
  author={Thompson, Andrew W and Vanwalleghem, Gilles C and Heap, Lucy A and Scott, Ethan K},
  journal={Current Biology},
  volume={26},
  number={6},
  pages={743--754},
  year={2016},
  publisher={Elsevier}
}

@article{rubinov2011,
  title={Neurobiologically realistic determinants of self-organized criticality in networks of spiking neurons},
  author={Rubinov, Mikail and Sporns, Olaf and Thivierge, Jean-Philippe and Breakspear, Michael},
  journal={PLoS computational biology},
  volume={7},
  number={6},
  pages={e1002038},
  year={2011},
  publisher={Public Library of Science}
}

@article{pratt2013review,
  title={Modeling human neurodevelopmental disorders in the Xenopus tadpole: from mechanisms to therapeutic targets},
  author={Pratt, Kara G and Khakhalin, Arseny S},
  journal={Disease models \& mechanisms},
  pages={dmm--012138},
  year={2013},
  publisher={The Company of Biologists Ltd}
}

@article{xu2011,
  title={Visual experience-dependent maturation of correlated neuronal activity patterns in a developing visual system},
  author={Xu, Heng and Khakhalin, Arseny S and Nurmikko, Arto V and Aizenman, Carlos D},
  journal={Journal of Neuroscience},
  volume={31},
  number={22},
  pages={8025--8036},
  year={2011},
  publisher={Soc Neuroscience}
}

@article{turrigiano2007,
  title={Homeostatic signaling: the positive side of negative feedback},
  author={Turrigiano, Gina},
  journal={Current opinion in neurobiology},
  volume={17},
  number={3},
  pages={318--324},
  year={2007},
  publisher={Elsevier}
}

@article{pratt2007intrinsic,
  title={Homeostatic regulation of intrinsic excitability and synaptic transmission in a developing visual circuit},
  author={Pratt, Kara G and Aizenman, Carlos D},
  journal={Journal of Neuroscience},
  volume={27},
  number={31},
  pages={8268--8277},
  year={2007},
  publisher={Soc Neuroscience}
}


@article{hamodi2014,
  title={Region-specific regulation of voltage-gated intrinsic currents in the developing optic tectum of the Xenopus tadpole},
  author={Hamodi, Ali S and Pratt, Kara G},
  journal={Journal of neurophysiology},
  volume={112},
  number={7},
  pages={1644--1655},
  year={2014},
  publisher={Am Physiological Soc}
}

@article{aizenman2002,
  title={Visually driven modulation of glutamatergic synaptic transmission is mediated by the regulation of intracellular polyamines},
  author={Aizenman, Carlos D and Munoz-Elias, Guillermo and Cline, Hollis T},
  journal={Neuron},
  volume={34},
  number={4},
  pages={623--634},
  year={2002},
  publisher={Elsevier}
}

@article{aizenman2003,
  title={Visually driven regulation of intrinsic neuronal excitability improves stimulus detection in vivo},
  author={Aizenman, Carlos D and Akerman, Colin J and Jensen, Kendall R and Cline, Hollis T},
  journal={Neuron},
  volume={39},
  number={5},
  pages={831--842},
  year={2003},
  publisher={Elsevier}
}

@article{james2015,
  title={Valproate-induced neurodevelopmental deficits in Xenopus laevis tadpoles},
  author={James, Eric J and Gu, Jenny and Ramirez-Vizcarrondo, Carolina M and Hasan, Mashfiq and Truszkowski, Torrey LS and Tan, Yuqi and Oupravanh, Phouangmaly M and Khakhalin, Arseny S and Aizenman, Carlos D},
  journal={Journal of Neuroscience},
  volume={35},
  number={7},
  pages={3218--3229},
  year={2015},
  publisher={Soc Neuroscience}
}

@article{truszkowski2017,
  title={A cellular mechanism for inverse effectiveness in multisensory integration},
  author={Truszkowski, Torrey LS and Carrillo, Oscar A and Bleier, Julia and Ramirez-Vizcarrondo, Carolina M and Felch, Daniel L and McQuillan, Molly and Truszkowski, Christopher P and Khakhalin, Arseny S and Aizenman, Carlos D},
  journal={Elife},
  volume={6},
  year={2017},
  publisher={eLife Sciences Publications, Ltd}
}

@article{deeg2009,
  title={Development of multisensory convergence in the Xenopus optic tectum},
  author={Deeg, Katherine E and Sears, Irina B and Aizenman, Carlos D},
  journal={Journal of Neurophysiology},
  volume={102},
  number={6},
  pages={3392--3404},
  year={2009},
  publisher={American Physiological Society Bethesda, MD}
}

@article{aizenman2007,
  title={Enhanced visual activity in vivo forms nascent synapses in the developing retinotectal projection},
  author={Aizenman, Carlos D and Cline, Hollis T},
  journal={Journal of neurophysiology},
  volume={97},
  number={4},
  pages={2949--2957},
  year={2007},
  publisher={Am Physiological Soc}
}

@article{shen2011,
  title={Inhibition to excitation ratio regulates visual system responses and behavior in vivo},
  author={Shen, Wanhua and McKeown, Caroline R and Demas, James A and Cline, Hollis T},
  journal={Journal of neurophysiology},
  volume={106},
  number={5},
  pages={2285--2302},
  year={2011},
  publisher={American Physiological Society Bethesda, MD}
}

@article{meredith1983,
  title={Interactions among converging sensory inputs in the superior colliculus},
  author={Meredith, M Alex and Stein, Barry E},
  journal={Science},
  volume={221},
  number={4608},
  pages={389--391},
  year={1983},
  publisher={American Association for the Advancement of Science}
}

@article{stein2014,
  title={Development of multisensory integration from the perspective of the individual neuron},
  author={Stein, Barry E and Stanford, Terrence R and Rowland, Benjamin A},
  journal={Nature Reviews Neuroscience},
  volume={15},
  number={8},
  pages={520},
  year={2014},
  publisher={Nature Publishing Group}
}

@article{hiramoto2009,
  title={Convergence of multisensory inputs in Xenopus tadpole tectum},
  author={Hiramoto, Masaki and Cline, Hollis T},
  journal={Developmental neurobiology},
  volume={69},
  number={14},
  pages={959--971},
  year={2009},
  publisher={Wiley Online Library}
}

@article{liu2016jumbo,
  title={A population of gap junction-coupled neurons drives recurrent network activity in a developing visual circuit},
  author={Liu, Zhenyu and Ciarleglio, Christopher M and Hamodi, Ali S and Aizenman, Carlos D and Pratt, Kara G},
  journal={Journal of neurophysiology},
  volume={115},
  number={3},
  pages={1477--1486},
  year={2016},
  publisher={Am Physiological Soc}
}

@article{hamodi2016nmda,
  title={An NMDA receptor-dependent mechanism for subcellular segregation of sensory inputs in the tadpole optic tectum},
  author={Hamodi, Ali S and Liu, Zhenyu and Pratt, Kara G},
  journal={eLife},
  volume={5},
  year={2016},
  publisher={eLife Sciences Publications, Ltd}
}

@article{wu1996,
  title={Maturation of a central glutamatergic synapse},
  author={Wu, G-Y and Malinow, R and Cline, HT},
  journal={Science},
  volume={274},
  number={5289},
  pages={972--976},
  year={1996},
  publisher={American Association for the Advancement of Science}
}

@article{khakhalin2012,
  title={GABAergic transmission and chloride equilibrium potential are not modulated by pyruvate in the developing optic tectum of Xenopus laevis tadpoles},
  author={Khakhalin, Arseny S and Aizenman, Carlos D},
  journal={PLoS One},
  volume={7},
  number={4},
  pages={e34446},
  year={2012},
  publisher={Public Library of Science}
}

@article{dong2009,
  title={Visual avoidance in Xenopus tadpoles is correlated with the maturation of visual responses in the optic tectum},
  author={Dong, Wei and Lee, Ryan H and Xu, Heng and Yang, Shelley and Pratt, Kara G and Cao, Vania and Song, Yoon-Kyu and Nurmikko, Arto and Aizenman, Carlos D},
  journal={Journal of neurophysiology},
  volume={101},
  number={2},
  pages={803--815},
  year={2009},
  publisher={Am Physiological Soc}
}

@article{turrigiano2011,
  title={Too many cooks? Intrinsic and synaptic homeostatic mechanisms in cortical circuit refinement},
  author={Turrigiano, Gina},
  journal={Annual review of neuroscience},
  volume={34},
  pages={89--103},
  year={2011},
  publisher={Annual Reviews}
}

@article{deeg2011,
  title={Sensory modality--specific homeostatic plasticity in the developing optic tectum},
  author={Deeg, Katherine E and Aizenman, Carlos D},
  journal={Nature neuroscience},
  volume={14},
  number={5},
  pages={548},
  year={2011},
  publisher={Nature Publishing Group}
}

@article{pratt2008recurrent,
  title={Development and spike timing--dependent plasticity of recurrent excitation in the Xenopus optic tectum},
  author={Pratt, Kara G and Dong, Wei and Aizenman, Carlos D},
  journal={Nature neuroscience},
  volume={11},
  number={4},
  pages={467},
  year={2008},
  publisher={Nature Publishing Group}
}

@article{akerman2006,
  title={Depolarizing GABAergic conductances regulate the balance of excitation to inhibition in the developing retinotectal circuit in vivo},
  author={Akerman, Colin J and Cline, Hollis T},
  journal={Journal of Neuroscience},
  volume={26},
  number={19},
  pages={5117--5130},
  year={2006},
  publisher={Soc Neuroscience}
}


@article{ishikane2005,
  title={Synchronized retinal oscillations encode essential information for escape behavior in frogs},
  author={Ishikane, Hiroshi and Gangi, Mie and Honda, Shoko and Tachibana, Masao},
  journal={Nature neuroscience},
  volume={8},
  number={8},
  pages={1087},
  year={2005},
  publisher={Nature Publishing Group}
}

@article{baranauskas2012,
  title={20 Hz membrane potential oscillations are driven by synaptic inputs in collision-detecting neurons in the frog optic tectum},
  author={Baranauskas, Gytis and Svirskiene, Natasa and Svirskis, Gytis},
  journal={Neuroscience letters},
  volume={528},
  number={2},
  pages={196--200},
  year={2012},
  publisher={Elsevier}
}

@book{nieuwkoop1994,
  title={Normal table of Xenopus laevis (Daudin): A Systematical and Chronological Survey of the Development from the Fertilized Egg till the end of Metamorphosis.},
  author={Nieuwkoop, Pieter D and Faber, Jacob},
  year={1994}
}

@article{pratt2009multisens,
  title={Multisensory integration in mesencephalic trigeminal neurons in Xenopus tadpoles},
  author={Pratt, Kara G and Aizenman, Carlos D},
  journal={Journal of neurophysiology},
  volume={102},
  number={1},
  pages={399--412},
  year={2009},
  publisher={Am Physiological Soc}
}

@article{fagiolo2007,
  title={Clustering in complex directed networks},
  author={Fagiolo, Giorgio},
  journal={Physical Review E},
  volume={76},
  number={2},
  pages={026107},
  year={2007},
  publisher={APS}
}

@article{greenland2016,
  title={Statistical tests, P values, confidence intervals, and power: a guide to misinterpretations},
  author={Greenland, Sander and Senn, Stephen J and Rothman, Kenneth J and Carlin, John B and Poole, Charles and Goodman, Steven N and Altman, Douglas G},
  journal={European journal of epidemiology},
  volume={31},
  number={4},
  pages={337--350},
  year={2016},
  publisher={Springer}
}

@article{kleiner2007psychtoolbox,
  title={What’s new in Psychtoolbox-3},
  author={Kleiner, Mario and Brainard, David and Pelli, Denis and Ingling, Allen and Murray, Richard and Broussard, Christopher and others},
  journal={Perception},
  volume={36},
  number={14},
  pages={1},
  year={2007},
  publisher={Alezzo}
}

@article{lefevre2010reaction,
  title={A reaction-diffusion model of human brain development},
  author={Lef{\`e}vre, Julien and Mangin, Jean-Fran{\c{c}}ois},
  journal={PLoS computational biology},
  volume={6},
  number={4},
  pages={e1000749},
  year={2010},
  publisher={Public Library of Science}
}

@article{leicht2008community,
  title={Community structure in directed networks},
  author={Leicht, Elizabeth A and Newman, Mark EJ},
  journal={Physical review letters},
  volume={100},
  number={11},
  pages={118703},
  year={2008},
  publisher={APS}
}

@article{maslov2002,
  title={Specificity and stability in topology of protein networks},
  author={Maslov, Sergei and Sneppen, Kim},
  journal={Science},
  volume={296},
  number={5569},
  pages={910--913},
  year={2002},
  publisher={American Association for the Advancement of Science}
}

@inproceedings{ng2002spectral,
  title={On spectral clustering: Analysis and an algorithm},
  author={Ng, Andrew Y and Jordan, Michael I and Weiss, Yair},
  booktitle={Advances in neural information processing systems},
  pages={849--856},
  year={2002}
}

@article{pietri2017emergence,
  title={The emergence of the spatial structure of tectal spontaneous activity is independent of visual inputs},
  author={Pietri, Thomas and Romano, Sebasti{\'a}n A and P{\'e}rez-Schuster, Ver{\'o}nica and Boulanger-Weill, Jonathan and Candat, Virginie and Sumbre, Germ{\'a}n},
  journal={Cell reports},
  volume={19},
  number={5},
  pages={939--948},
  year={2017},
  publisher={Elsevier}
}

@article{reichardt2006community,
  title={Statistical mechanics of community detection},
  author={Reichardt, J{\"o}rg and Bornholdt, Stefan},
  journal={Physical Review E},
  volume={74},
  number={1},
  pages={016110},
  year={2006},
  publisher={APS}
}

@article{rubinov2010toolbox,
  title={Complex network measures of brain connectivity: uses and interpretations},
  author={Rubinov, Mikail and Sporns, Olaf},
  journal={Neuroimage},
  volume={52},
  number={3},
  pages={1059--1069},
  year={2010},
  publisher={Elsevier}
}

@article{ruthazer2004map,
  title={Insights into activity-dependent map formation from the retinotectal system: A middle-of-the-brain perspective},
  author={Ruthazer, Edward S and Cline, Hollis T},
  journal={Journal of neurobiology},
  volume={59},
  number={1},
  pages={134--146},
  year={2004},
  publisher={Wiley Online Library}
}

@article{avitan2017spontaneous,
  title={Spontaneous activity in the zebrafish tectum reorganizes over development and is influenced by visual experience},
  author={Avitan, Lilach and Pujic, Zac and M{\"o}lter, Jan and Van De Poll, Matthew and Sun, Biao and Teng, Haotian and Amor, Rumelo and Scott, Ethan K and Goodhill, Geoffrey J},
  journal={Current Biology},
  volume={27},
  number={16},
  pages={2407--2419},
  year={2017},
  publisher={Elsevier}
}

@article{avitan2016limitations,
  title={Limitations of neural map topography for decoding spatial information},
  author={Avitan, Lilach and Pujic, Zac and Hughes, Nicholas J and Scott, Ethan K and Goodhill, Geoffrey J},
  journal={Journal of Neuroscience},
  volume={36},
  number={19},
  pages={5385--5396},
  year={2016},
  publisher={Soc Neuroscience}
}

@article{triplett2018emergence,
  title={Emergence of spontaneous assembly activity in developing neural networks without afferent input},
  author={Triplett, Marcus A and Avitan, Lilach and Goodhill, Geoffrey J},
  journal={PLoS computational biology},
  volume={14},
  number={9},
  pages={e1006421},
  year={2018},
  publisher={Public Library of Science}
}

@article{klapoetke2017looming,
  title={Ultra-selective looming detection from radial motion opponency},
  author={Klapoetke, Nathan C and Nern, Aljoscha and Peek, Martin Y and Rogers, Edward M and Breads, Patrick and Rubin, Gerald M and Reiser, Michael B and Card, Gwyneth M},
  journal={Nature},
  volume={551},
  number={7679},
  pages={237},
  year={2017},
  publisher={Nature Publishing Group}
}

@article{peron2009adaptation,
  title={Spike frequency adaptation mediates looming stimulus selectivity in a collision-detecting neuron},
  author={Peron, Simon and Gabbiani, Fabrizio},
  journal={Nature neuroscience},
  volume={12},
  number={3},
  pages={318},
  year={2009},
  publisher={Nature Publishing Group}
}

@article{fotowat2011multiplexing,
  title={Multiplexing of motor information in the discharge of a collision detecting neuron during escape behaviors},
  author={Fotowat, Haleh and Harrison, Reid R and Gabbiani, Fabrizio},
  journal={Neuron},
  volume={69},
  number={1},
  pages={147--158},
  year={2011},
  publisher={Elsevier}
}

@article{card2008tradeoffs,
  title={Performance trade-offs in the flight initiation of Drosophila},
  author={Card, Gwyneth and Dickinson, Michael},
  journal={Journal of Experimental Biology},
  volume={211},
  number={3},
  pages={341--353},
  year={2008},
  publisher={The Company of Biologists Ltd}
}

@article{chan2013avoidance,
  title={Collision-avoidance behaviors of minimally restrained flying locusts to looming stimuli},
  author={Chan, R WM and Gabbiani, F},
  journal={Journal of Experimental Biology},
  volume={216},
  number={4},
  pages={641--655},
  year={2013},
  publisher={The Company of Biologists Ltd}
}

@article{burgess2007twoescapes,
  title={Modulation of locomotor activity in larval zebrafish during light adaptation},
  author={Burgess, Harold A and Granato, Michael},
  journal={Journal of Experimental Biology},
  volume={210},
  number={14},
  pages={2526--2539},
  year={2007},
  publisher={The Company of Biologists Ltd}
}

@article{portugues2009behaviors,
  title={The neural basis of visual behaviors in the larval zebrafish},
  author={Portugues, Ruben and Engert, Florian},
  journal={Current opinion in neurobiology},
  volume={19},
  number={6},
  pages={644--647},
  year={2009},
  publisher={Elsevier}
}

@article{budick2000repertoire,
  title={Locomotor repertoire of the larval zebrafish: swimming, turning and prey capture},
  author={Budick, Seth A and O'Malley, DONALD M},
  journal={Journal of Experimental Biology},
  volume={203},
  number={17},
  pages={2565--2579},
  year={2000},
  publisher={The Company of Biologists Ltd}
}

@article{temizer2015pathway,
  title={A visual pathway for looming-evoked escape in larval zebrafish},
  author={Temizer, Incinur and Donovan, Joseph C and Baier, Herwig and Semmelhack, Julia L},
  journal={Current Biology},
  volume={25},
  number={14},
  pages={1823--1834},
  year={2015},
  publisher={Elsevier}
}

@article{bhattacharyya2017assessment,
  title={Visual threat assessment and reticulospinal encoding of calibrated responses in larval zebrafish},
  author={Bhattacharyya, Kiran and McLean, David L and MacIver, Malcolm A},
  journal={Current Biology},
  volume={27},
  number={18},
  pages={2751--2762},
  year={2017},
  publisher={Elsevier}
}

@article{marblestone2016deeplearning,
  title={Toward an integration of deep learning and neuroscience},
  author={Marblestone, Adam H and Wayne, Greg and Kording, Konrad P},
  journal={Frontiers in computational neuroscience},
  volume={10},
  pages={94},
  year={2016},
  publisher={Frontiers}
}

@article{krakauer2017reductionist,
  title={Neuroscience needs behavior: correcting a reductionist bias},
  author={Krakauer, John W and Ghazanfar, Asif A and Gomez-Marin, Alex and MacIver, Malcolm A and Poeppel, David},
  journal={Neuron},
  volume={93},
  number={3},
  pages={480--490},
  year={2017},
  publisher={Elsevier}
}

@article{korn2005mauthner,
  title={The Mauthner cell half a century later: a neurobiological model for decision-making?},
  author={Korn, Henri and Faber, Donald S},
  journal={Neuron},
  volume={47},
  number={1},
  pages={13--28},
  year={2005},
  publisher={Elsevier}
}

@article{roberts2010hatchling,
  title={How neurons generate behaviour in a hatchling amphibian tadpole: an outline},
  author={Roberts, Alan and Li, Wen-Chang and Soffe, Stephen R},
  journal={Frontiers in behavioral neuroscience},
  volume={4},
  pages={16},
  year={2010},
  publisher={Frontiers}
}

@article{gao2015simplicity,
  title={On simplicity and complexity in the brave new world of large-scale neuroscience},
  author={Gao, Peiran and Ganguli, Surya},
  journal={Current opinion in neurobiology},
  volume={32},
  pages={148--155},
  year={2015},
  publisher={Elsevier}
}

@article{bassett2018models,
  title={On the nature and use of models in network neuroscience},
  author={Bassett, Danielle S and Zurn, Perry and Gold, Joshua I},
  journal={Nature Reviews Neuroscience},
  pages={1},
  year={2018},
  publisher={Nature Publishing Group}
}

@article{bullmore2012economy,
  title={The economy of brain network organization},
  author={Bullmore, Ed and Sporns, Olaf},
  journal={Nature Reviews Neuroscience},
  volume={13},
  number={5},
  pages={336},
  year={2012},
  publisher={Nature Publishing Group}
}

@article{linderman2017constrain,
  title={Using computational theory to constrain statistical models of neural data},
  author={Linderman, Scott W and Gershman, Samuel J},
  journal={Current opinion in neurobiology},
  volume={46},
  pages={14--24},
  year={2017},
  publisher={Elsevier}
}

@article{haesemeyer2018convergent,
  title={Convergent temperature representations in artificial and biological neural networks},
  author={Haesemeyer, Martin and Schier, Alexander F and Engert, Florian},
  journal={bioRxiv},
  pages={390435},
  year={2018},
  publisher={Cold Spring Harbor Laboratory}
}

@article{mu2006stdp,
  title={Spike timing-dependent LTP/LTD mediates visual experience-dependent plasticity in a developing retinotectal system},
  author={Mu, Yangling and Poo, Mu-ming},
  journal={Neuron},
  volume={50},
  number={1},
  pages={115--125},
  year={2006},
  publisher={Elsevier}
}

@article{clopath2010stdpcoding,
  title={Connectivity reflects coding: a model of voltage-based STDP with homeostasis},
  author={Clopath, Claudia and B{\"u}sing, Lars and Vasilaki, Eleni and Gerstner, Wulfram},
  journal={Nature neuroscience},
  volume={13},
  number={3},
  pages={344},
  year={2010},
  publisher={Nature Publishing Group}
}

@article{nakagawa2010otneurons,
  title={Collision-sensitive neurons in the optic tectum of the bullfrog, Rana catesbeiana},
  author={Nakagawa, Hideki and Hongjian, Kang},
  journal={Journal of neurophysiology},
  volume={104},
  number={5},
  pages={2487--2499},
  year={2010},
  publisher={American Physiological Society Bethesda, MD}
}

@article{wang1992pigeon,
  title={Time to collision is signalled by neurons in the nucleus rotundus of pigeons},
  author={Wang, Yongchang and Frost, Barrie J},
  journal={Nature},
  volume={356},
  number={6366},
  pages={236},
  year={1992},
  publisher={Nature Publishing Group}
}

@article{wu2005pigeon,
  title={Tectal neurons signal impending collision of looming objects in the pigeon},
  author={Wu, Le-Qing and Niu, Yu-Qiong and Yang, Jin and Wang, Shu-Rong},
  journal={European Journal of Neuroscience},
  volume={22},
  number={9},
  pages={2325--2331},
  year={2005},
  publisher={Wiley Online Library}
}

@article{liu2011cat,
  title={Neuronal responses to looming objects in the superior colliculus of the cat},
  author={Liu, Yong-Jun and Wang, Qian and Li, Bing},
  journal={Brain, Behavior and Evolution},
  volume={77},
  number={3},
  pages={193--205},
  year={2011},
  publisher={Karger Publishers}
}

@article{frost2004review,
  title={The biological bases of time-to-collision computation},
  author={Frost, Barrie J and Sun, Hongjin},
  journal={Time-to-contact},
  volume={135},
  pages={13},
  year={2004},
  publisher={Elsevier Amsterdam,, The Netherlands}
}

@article{newman2006modularity,
  title={Modularity and community structure in networks},
  author={Newman, Mark EJ},
  journal={Proceedings of the national academy of sciences},
  volume={103},
  number={23},
  pages={8577--8582},
  year={2006},
  publisher={National Acad Sciences}
}

@article{gomez2009community,
  title={Analysis of community structure in networks of correlated data},
  author={G{\'o}mez, Sergio and Jensen, Pablo and Arenas, Alex},
  journal={Physical Review E},
  volume={80},
  number={1},
  pages={016114},
  year={2009},
  publisher={APS}
}

@article{stetter2012te,
  title={Model-free reconstruction of excitatory neuronal connectivity from calcium imaging signals},
  author={Stetter, Olav and Battaglia, Demian and Soriano, Jordi and Geisel, Theo},
  journal={PLoS computational biology},
  volume={8},
  number={8},
  pages={e1002653},
  year={2012},
  publisher={Public Library of Science}
}

@article{gourevitch2007te,
  title={Spatial representation of neural responses to natural and altered conspecific vocalizations in cat auditory cortex},
  author={Gour{\'e}vitch, Boris and Eggermont, Jos J},
  journal={Journal of neurophysiology},
  volume={97},
  number={1},
  pages={144--158},
  year={2007},
  publisher={American Physiological Society}
}

@article{wollstadt2014te,
  title={Efficient transfer entropy analysis of non-stationary neural time series},
  author={Wollstadt, Patricia and Mart{\'\i}nez-Zarzuela, Mario and Vicente, Raul and D{\'\i}az-Pernas, Francisco J and Wibral, Michael},
  journal={PloS one},
  volume={9},
  number={7},
  pages={e102833},
  year={2014},
  publisher={Public Library of Science}
}

@article{abbott1996ltpsequence,
  title={Functional significance of long-term potentiation for sequence learning and prediction},
  author={Abbott, Laurence F and Blum, Kenneth I},
  journal={Cerebral cortex},
  volume={6},
  number={3},
  pages={406--416},
  year={1996},
  publisher={Oxford University Press}
}

@article{tao2005refinement,
  title={Activity-dependent matching of excitatory and inhibitory inputs during refinement of visual receptive fields},
  author={Tao, Huizhong W and Poo, Mu-ming},
  journal={Neuron},
  volume={45},
  number={6},
  pages={829--836},
  year={2005},
  publisher={Elsevier}
}

@article{zhang1998stdp,
  title={A critical window for cooperation and competition among developing retinotectal synapses},
  author={Zhang, Li I and Tao, Huizhong W and Holt, Christine E and Harris, William A and Poo, Mu-ming},
  journal={Nature},
  volume={395},
  number={6697},
  pages={37},
  year={1998},
  publisher={Nature Publishing Group}
}

@article{baginskas2009recurrent,
  title={L-Type Ca 2+ current in frog tectal recurrent neurons determines the NMDA receptor activation on efferent neuron},
  author={Baginskas, Armantas and Kuras, Antanas},
  journal={Experimental brain research},
  volume={193},
  number={4},
  pages={509},
  year={2009},
  publisher={Springer}
}

@article{ansmann2012surrogate,
  title={Surrogate-assisted analysis of weighted functional brain networks},
  author={Ansmann, Gerrit and Lehnertz, Klaus},
  journal={Journal of neuroscience methods},
  volume={208},
  number={2},
  pages={165--172},
  year={2012},
  publisher={Elsevier}
}

@article{latora2001efficiency,
  title={Efficient behavior of small-world networks},
  author={Latora, Vito and Marchiori, Massimo},
  journal={Physical review letters},
  volume={87},
  number={19},
  pages={198701},
  year={2001},
  publisher={APS}
}

@article{katz1953original,
  title={A new status index derived from sociometric analysis},
  author={Katz, Leo},
  journal={Psychometrika},
  volume={18},
  number={1},
  pages={39--43},
  year={1953},
  publisher={Springer}
}

@article{fletcher2018katz,
  title={From structure to activity: Using centrality measures to predict neuronal activity},
  author={Fletcher, Jack McKay and Wennekers, Thomas},
  journal={International journal of neural systems},
  volume={28},
  number={02},
  pages={1750013},
  year={2018},
  publisher={World Scientific}
}

@article{mones2012hierarchy,
  title={Hierarchy measure for complex networks},
  author={Mones, Enys and Vicsek, Lilla and Vicsek, Tam{\'a}s},
  journal={PloS one},
  volume={7},
  number={3},
  pages={e33799},
  year={2012},
  publisher={Public Library of Science}
}

@article{czegel2015hierarchy,
  title={Random walk hierarchy measure: What is more hierarchical, a chain, a tree or a star?},
  author={Cz{\'e}gel, D{\'a}niel and Palla, Gergely},
  journal={Scientific reports},
  volume={5},
  pages={17994},
  year={2015},
  publisher={Nature Publishing Group}
}

@article{cohen2002synreview,
  title={The developing synapse: construction and modulation of synaptic structures and circuits},
  author={Cohen-Cory, Susana},
  journal={Science},
  volume={298},
  number={5594},
  pages={770--776},
  year={2002},
  publisher={American Association for the Advancement of Science}
}

@article{munz2014hebbian,
  title={Rapid Hebbian axonal remodeling mediated by visual stimulation},
  author={Munz, Martin and Gobert, Delphine and Schohl, Anne and Poqu{\'e}russe, Jessie and Podgorski, Kaspar and Spratt, Perry and Ruthazer, Edward S},
  journal={Science},
  volume={344},
  number={6186},
  pages={904--909},
  year={2014},
  publisher={American Association for the Advancement of Science}
}

@article{pauli2018repro,
  title={Reproducing polychronization: a guide to maximizing the reproducibility of spiking network models},
  author={Pauli, Robin and Weidel, Philipp and Kunkel, Susanne and Morrison, Abigail},
  journal={Frontiers in neuroinformatics},
  volume={12},
  year={2018},
  publisher={Frontiers Media SA}
}

@article{damicelli2018topomod,
  title={Topological Reinforcement as a Principle of Modularity Emergence in Brain Networks},
  author={Damicelli, Fabrizio and Hilgetag, Claus C and H{\"u}tt, Marc-Thorsten and Mess{\'e}, Arnaud},
  journal={bioRxiv},
  pages={408278},
  year={2018},
  publisher={Cold Spring Harbor Laboratory}
}

@article{stam2010modular,
  title={Emergence of modular structure in a large-scale brain network with interactions between dynamics and connectivity},
  author={Stam, Cornelis Jan and Hillebrand, Arjan and Wang, Huijuan and Van Mieghem, Piet},
  journal={Frontiers in computational neuroscience},
  volume={4},
  pages={133},
  year={2010},
  publisher={Frontiers}
}

@article{vogelstein2010oopsi,
  title={Fast nonnegative deconvolution for spike train inference from population calcium imaging},
  author={Vogelstein, Joshua T and Packer, Adam M and Machado, Timothy A and Sippy, Tanya and Babadi, Baktash and Yuste, Rafael and Paninski, Liam},
  journal={Journal of neurophysiology},
  volume={104},
  number={6},
  pages={3691--3704},
  year={2010},
  publisher={American Physiological Society Bethesda, MD}
}

@techreport{page1999pagerank,
  title={The PageRank citation ranking: Bringing order to the web.},
  author={Page, Lawrence and Brin, Sergey and Motwani, Rajeev and Winograd, Terry},
  year={1999},
  institution={Stanford InfoLab}
}

@article{newman2003mixing,
  title={Mixing patterns in networks},
  author={Newman, Mark EJ},
  journal={Physical Review E},
  volume={67},
  number={2},
  pages={026126},
  year={2003},
  publisher={APS}
}

@article{farine2014weighted,
  title={Measuring phenotypic assortment in animal social networks: weighted associations are more robust than binary edges},
  author={Farine, Damien R},
  journal={Animal Behaviour},
  volume={89},
  pages={141--153},
  year={2014},
  publisher={Elsevier}
}

@article{leung2007weighted,
  title={Weighted assortative and disassortative networks model},
  author={Leung, CC and Chau, HF},
  journal={Physica A: Statistical Mechanics and its Applications},
  volume={378},
  number={2},
  pages={591--602},
  year={2007},
  publisher={Elsevier}
}

@article{teller2014assortative,
  title={Emergence of assortative mixing between clusters of cultured neurons},
  author={Teller, Sara and Granell, Clara and De Domenico, Manlio and Soriano, Jordi and G{\'o}mez, Sergio and Arenas, Alex},
  journal={PLoS computational biology},
  volume={10},
  number={9},
  pages={e1003796},
  year={2014},
  publisher={Public Library of Science}
}

@article{sakaguchi1985refinement,
  title={Map formation in the developing Xenopus retinotectal system: an examination of ganglion cell terminal arborizations},
  author={Sakaguchi, DS and Murphey, RK},
  journal={Journal of Neuroscience},
  volume={5},
  number={12},
  pages={3228--3245},
  year={1985},
  publisher={Soc Neuroscience}
}

@article{zheng2014synfire,
  title={Robust development of synfire chains from multiple plasticity mechanisms},
  author={Zheng, Pengsheng and Triesch, Jochen},
  journal={Frontiers in computational neuroscience},
  volume={8},
  pages={66},
  year={2014},
  publisher={Frontiers}
}

@article{savin2014stdpreward,
  title={Emergence of task-dependent representations in working memory circuits},
  author={Savin, Cristina and Triesch, Jochen},
  journal={Frontiers in computational neuroscience},
  volume={8},
  pages={57},
  year={2014},
  publisher={Frontiers}
}

@article{zenke2017temporal,
  title={The temporal paradox of Hebbian learning and homeostatic plasticity},
  author={Zenke, Friedemann and Gerstner, Wulfram and Ganguli, Surya},
  journal={Current opinion in neurobiology},
  volume={43},
  pages={166--176},
  year={2017},
  publisher={Elsevier}
}